@online{dedosmano,
    author = "jsequeiros",
    title = "Nombres de los dedos de una mano",
    url  = "https://jsequeiros.com/nombres-de-los-dedos-de-una-mano.html",
    addendum = "(accessed: 06.03.2021)",
    keywords = "latex,jsequeiros"
}